@misc{FORCE11,
	Key = {FORCE11},
	Note = {https://www.force11.org/software-citation-principles},
	Title = {Force 11 Software Citation principles}
}

